% Encoding: UTF-8

@Book{Hiriart-Urruty1993,
  title     = {Convex Analysis and Minimization Algorithms {II}},
  publisher = {Springer Berlin Heidelberg},
  year      = {1993},
  author    = {Jean-Baptiste Hiriart-Urruty and Claude Lemar{\'{e}}chal},
  volume    = {306},
  series    = {Grundlehren der mathematischen Wissenschaften},
  doi       = {10.1007/978-3-662-06409-2},
  url       = {https://doi.org/10.1007%2F978-3-662-06409-2},
}

@Article{Hare2016,
  author    = {Warren Hare and Claudia Sagastiz{\`a}bal and Mikhail Solodov},
  title     = {A proximal bundle method for nonsmooth nonconvex functions with inexact information},
  journal   = {Computational Optimization and Applications},
  year      = {2016},
  volume    = {63},
  pages     = {1-28},
  doi       = {10.1007/s10589-015-9762-4},
  publisher = {Springer Nature},
  url       = {https://doi.org/10.1007%2Fs10589-015-9762-4},
}

@Article{Hare2010,
  author    = {Warren Hare and Claudia Sagastiz\`{a}bal},
  title     = {A Redistributed Proximal Bundle Method for Nonconvex Optimization},
  journal   = {SIAM Journal on Optimization},
  year      = {2010},
  volume    = {20},
  number    = {5},
  pages     = {2442-2473},
  doi       = {10.1137/090754595},
  publisher = {Society for Industrial {\&} Applied Mathematics ({SIAM})},
  url       = {https://doi.org/10.1137%2F090754595},
}

@Article{Oliveira2014,
  author    = {Welington de Oliveira, Claudia Sagastiz\`{a}bal, Claude Lemar\'{e}chal},
  title     = {Convex proximal bundle methods in depth: a unified analysis for inexact oracles},
  journal   = {Mathematical Programming},
  year      = {2014},
  volume    = {148},
  pages     = {241-277},
  doi       = {10.1007/s10107-014-0809-6},
  publisher = {Springer Nature},
  url       = {https://doi.org/10.1007%2Fs10107-014-0809-6},
}

@Article{Mifflin2012,
  author  = {Robert Mifflin and Claudia Sagastiz\`{a}bal},
  title   = {A science fiction story in nonsmooth optimization originating at IIASA},
  journal = {Documenta Mathematica},
  year    = {2012},
  volume  = {Extra Volume ISMP},
  pages   = {291-300},
}

@Book{Clarke1990,
  title         = {Optimization and nonsmooth analysis},
  publisher     = {Society for Industrial and Applied Mathematics Philadelphia},
  year          = {1990},
  author        = {Frank H. Clarke},
  series        = {Classics in Applied Mathematics},
  __markedentry = {[as:1]},
}

@Book{Hiriart-Urruty1996,
  title     = {Convex Analysis and Minimization Algorithms I},
  publisher = {Springer Berlin Heidelberg},
  year      = {1996},
  author    = {Jean-Baptiste Hiriart-Urruty and Claude Lemar\'{e}chal},
  volume    = {305},
  series    = {Grundlehren der mathematischen Wissenschaften},
  edition   = {2},
  doi       = {10.1007/978-3-662-02796-7},
  url       = {https://doi.org/10.1007%2F978-3-662-02796-7},
}

@Article{Hare2009,
  author    = {Warren Hare, Claudia Sagastiz\`{a}bal},
  title     = {Computing proximal points of nonconvex functions},
  journal   = {Mathematical Programming},
  year      = {2009},
  volume    = {116},
  pages     = {221-258},
  doi       = {10.1007/s10107-007-0124-6},
  publisher = {Springer Nature},
  url       = {https://doi.org/10.1007%2Fs10107-007-0124-6},
}

@Book{Rockafellar2009,
  title     = {Variational Analysis},
  publisher = {Springer Berlin Heidelberg},
  year      = {2009},
  author    = {R. Tyrrell Rockafellar and Roger J. B. Wets},
  volume    = {317},
  series    = {Grundlehren der mathematischen Wissenschaften},
  edition   = {3rd},
  doi       = {10.1007/978-3-642-02431-3},
  url       = {https://doi.org/10.1007%2F978-3-642-02431-3},
}

@Article{Mifflin1977,
  author    = {Robert Mifflin},
  title     = {Semismooth and Semiconvex Functions in Constrained Optimization},
  journal   = {SIAM Journal on Control and Optimization},
  year      = {1977},
  volume    = {15},
  number    = {6},
  pages     = {959-972},
  doi       = {10.1137/0315061},
  publisher = {Society for Industrial {\&} Applied Mathematics ({SIAM})},
  url       = {https://doi.org/10.1137%2F0315061},
}

@InCollection{Mifflin1982,
  author    = {Robert Mifflin},
  title     = {A modification and an extension of Lemar{\'e}chal's algorithm for nonsmooth minimization},
  booktitle = {Mathematical Programming Studies},
  publisher = {Springer Nature},
  year      = {1982},
  volume    = {17},
  pages     = {77-90},
  doi       = {10.1007/bfb0120960},
  url       = {https://doi.org/10.1007%2Fbfb0120960},
}

@Article{Kiwiel1986,
  author    = {Krzysztof C. Kiwiel},
  title     = {An aggregate subgradient method for nonsmooth and nonconvex minimization},
  journal   = {Journal of Computational and Applied Mathematics},
  year      = {1986},
  volume    = {14},
  number    = {3},
  pages     = {391-400},
  doi       = {10.1016/0377-0427(86)90075-0},
  publisher = {Elsevier {BV}},
  url       = {https://doi.org/10.1016%2F0377-0427%2886%2990075-0},
}

@Article{Haarala2007,
  author    = {Napsu Haarala and Kaisa Miettinen and Marko M. M{\"a}kel{\"a}},
  title     = {Globally convergent limited memory bundle method for large-scale nonsmooth optimization},
  journal   = {Mathematical Programming},
  year      = {2007},
  volume    = {109},
  number    = {1},
  pages     = {181-205},
  doi       = {10.1007/s10107-006-0728-2},
  publisher = {Springer Nature},
  url       = {https://doi.org/10.1007%2Fs10107-006-0728-2},
}

@Article{Fuduli2004,
  author    = {A. Fuduli and M. Gaudioso and G. Giallombardo},
  title     = {A DC piecewise affine model and a bundling technique in nonconvex nonsmooth minimization},
  journal   = {Optimization Methods and Software},
  year      = {2004},
  volume    = {19},
  number    = {1},
  pages     = {89--102},
  doi       = {10.1080/10556780410001648112},
  publisher = {Informa {UK} Limited},
  url       = {https://doi.org/10.1080%2F10556780410001648112},
}

@Article{Fuduli2004a,
  author    = {A. Fuduli and M. Gaudioso and G. Giallombardo},
  title     = {Minimizing Nonconvex Nonsmooth Functions via Cutting Planes and Proximity Control},
  journal   = {{SIAM} Journal on Optimization},
  year      = {2004},
  volume    = {14},
  number    = {3},
  pages     = {743--756},
  doi       = {10.1137/s1052623402411459},
  publisher = {Society for Industrial {\&} Applied Mathematics ({SIAM})},
  url       = {https://doi.org/10.1137%2Fs1052623402411459},
}

@Article{Noll2012,
  author  = {Dominikus Noll and Olivier Prot and Aude Rondepierre},
  title   = {A proximity control algorithm to minimize non-smooth and non-convex functions},
  journal = {Pacific Journal of Optimization},
  year    = {2012},
  volume  = {4},
  number  = {3},
  pages   = {571-604},
}

@Article{Haarala2004,
  author    = {M. Haarala and K. Miettinen and M.M. Mäkelä},
  title     = {New limited memory bundle method for large-scale nonsmooth optimization},
  journal   = {Journal of Optimization Methods and Software},
  year      = {2004},
  volume    = {19},
  number    = {6},
  pages     = {673--692},
  doi       = {10.1080/10556780410001689225},
  publisher = {Informa {UK} Limited},
  url       = {https://doi.org/10.1080%2F10556780410001689225},
}

@Article{Karmitsa2010,
  author    = {N. Karmitsa and M. M. Mäkelä},
  title     = {Adaptive limited memory bundle method for bound constrained large-scale nonsmooth optimization},
  journal   = {Journal of Optimization},
  year      = {2010},
  volume    = {59},
  number    = {6},
  pages     = {945--962},
  month     = {aug},
  doi       = {10.1080/02331930902884398},
  publisher = {Informa {UK} Limited},
  url       = {https://doi.org/10.1080%2F02331930902884398},
}

@Article{Vlcek2001,
  author  = {J. Vl\v{c}ek and L. Luk\v{s}an},
  title   = {Globally convergent variable metric bundle method for nonconvex nondifferentiable unconstrained minimization},
  journal = {Journal of Optimization Theory and Applications},
  year    = {2001},
  volume  = {111},
  number  = {2},
  pages   = {407-430},
}

@PhdThesis{Haarala2004a,
  author = {Marjo Haarala},
  title  = {Large-Scale Nonsmooth Optimization - Variable Metric Bundle Method with Limited Memory},
  school = {University of Jyväskylä},
  year   = {2004},
}

@InCollection{Nesterov2016,
  author    = {Yurii Nesterov and Vladimir Shikhman},
  title     = {Algorithmic Principle of Least Revenue for Finding Market Equilibria},
  booktitle = {Optimization and Its Applications in Control and Data Sciences},
  publisher = {Springer Nature},
  year      = {2016},
  editor    = {Boris Goldengorin},
  volume    = {115},
  series    = {Springer Optimization and Its Applications},
  pages     = {381--435},
  doi       = {10.1007/978-3-319-42056-1_14},
  url       = {https://doi.org/10.1007%2F978-3-319-42056-1_14},
}

@Book{Maekelae1992,
  title     = {Nonsmooth Optimization: Analysis and Algorithms with Applications to Optimal Control},
  publisher = {World Scientific Pub Co Pte Lt},
  year      = {1992},
  author    = {Marko M. M{\"a}kel{\"a} and Pekka Neittaanm{\"a}ki},
  doi       = {10.1142/1493},
  url       = {https://doi.org/10.1142%2F1493},
}

@InProceedings{Smola2007,
  author    = {A. J. Smola and S.v.n. Vishwanathan and V. Le Quoc},
  title     = {Bundle Methods for Machine Learning},
  booktitle = {Advances in Neural Information Processing Systems},
  year      = {2007},
  editor    = {J. C. Platt and D. Koller and Y. Singer and S. T. Roweis},
  number    = {20},
}

@Article{Teo2010,
  author  = {Choon Hui Teo and A. J. Smola and S.V.N. Vishwanathan and Quoc V. Le},
  title   = {Bundle Methods for Regularized Risk Minimization},
  journal = {Journal of Machine Learning Research},
  year    = {2010},
  volume  = {11},
  pages   = {311-365},
  editor  = {J. C. Platt and D. Koller and Y. Singer and S. T. Roweis},
}

@Book{Bagirov2014,
  title     = {Introduction to Nonsmooth Optimization: Theory, Practice and Software},
  publisher = {Springer International Publishing Switzerland},
  year      = {2014},
  author    = {Adil Bagirov and Napsu Karmitsa and Marko M. M{\"a}kel{\"a}},
}

@TechReport{Lemarechal1978,
  author      = {Claude Lemar{\'e}chal},
  title       = {Nonsmooth Optimization and Descent Methods},
  institution = {International Institute for Applied Systems Analysis},
  year        = {1978},
  type        = {IIASA Research Report},
}

@InCollection{Noll2013,
  author    = {Dominikus Noll},
  title     = {Bundle Method for Non-Convex Minimization with Inexact Subgradients and Function Values},
  booktitle = {Computational and Analytical Mathematics},
  publisher = {Springer Nature},
  year      = {2013},
  pages     = {555--592},
  doi       = {10.1007/978-1-4614-7621-4_26},
  url       = {https://doi.org/10.1007%2F978-1-4614-7621-4_26},
}

@Article{Lewis2015,
  author    = {A. S. Lewis and S. J. Wright},
  title     = {A proximal method for composite minimization},
  journal   = {Mathematical Programming},
  year      = {2015},
  volume    = {158},
  number    = {1-2},
  pages     = {501--546},
  month     = {aug},
  doi       = {10.1007/s10107-015-0943-9},
  publisher = {Springer Nature},
  url       = {https://doi.org/10.1007%2Fs10107-015-0943-9},
}

@Article{Schramm1992,
  author    = {Helga Schramm and Jochem Zowe},
  title     = {A version of the bundle idea for minimizing a nonsmooth function: conceptual idea, convergence analysis, numerical results},
  journal   = {{SIAM} Journal on Optimization},
  year      = {1992},
  volume    = {2},
  number    = {1},
  pages     = {121--152},
  month     = {feb},
  doi       = {10.1137/0802008},
  publisher = {Society for Industrial {\&} Applied Mathematics ({SIAM})},
  url       = {https://doi.org/10.1137%2F0802008},
}

@Article{Noll2005,
  author    = {Dominikus Noll and Pierre Apkarian},
  title     = {Spectral bundle method for non-convex maximum eigenvalue functions: first-order methods},
  journal   = {Mathematical Programming},
  year      = {2005},
  volume    = {104},
  number    = {2-3},
  pages     = {701--727},
  month     = {jul},
  doi       = {10.1007/s10107-005-0634-z},
  publisher = {Springer Nature},
  url       = {https://doi.org/10.1007%2Fs10107-005-0634-z},
}

@Article{Apkarian2008,
  author    = {P. Apkarian and D. Noll and O. Prot},
  title     = {A trust region spectral bundle method for non-convex eigenvalue optimization},
  journal   = {{SIAM} Journal on Optimization},
  year      = {2008},
  volume    = {19},
  number    = {1},
  pages     = {281--306},
  month     = {jan},
  doi       = {10.1137/060665191},
  publisher = {Society for Industrial {\&} Applied Mathematics ({SIAM})},
  url       = {https://doi.org/10.1137%2F060665191},
}

@Article{Noll2010,
  author    = {Dominikus Noll},
  title     = {Cutting plane oracles to minimize non-smooth non-convex functions.},
  journal   = {Set-Valued and Variational Analysis},
  year      = {2010},
  volume    = {18},
  number    = {3-4},
  pages     = {531--568},
  month     = {sep},
  doi       = {10.1007/s11228-010-0159-3},
  publisher = {Springer Nature},
  url       = {https://doi.org/10.1007%2Fs11228-010-0159-3},
}

@Article{Kaerkkaeinen2001,
  author    = {Tommi K{\"{a}}rkk{\"{a}}inen and Kirsi Majava and Marko M. M{\"{a}}kel{\"{a}}},
  title     = {Comparison of formulations and solution methods for image restauration problems},
  journal   = {Inverse Problems},
  year      = {2001},
  volume    = {17},
  number    = {6},
  pages     = {1977--1995},
  month     = {nov},
  doi       = {10.1088/0266-5611/17/6/326},
  publisher = {{IOP} Publishing},
  url       = {https://doi.org/10.1088%2F0266-5611%2F17%2F6%2F326},
}

@PhdThesis{Kunapuli2008,
  author = {Gautam Kunapuli},
  title  = {A bilevel optimization approach to machine learning},
  school = {Rensselaer Polytechnic Institute Troy, New York},
  year   = {2008},
}

@Book{Outrata1998,
  title     = {Nonsmooth Approach to Optimization Problems with Equilibrium Constraints},
  publisher = {Springer {US}},
  year      = {1998},
  author    = {Ji{\v{r}}i Outrata and Michal Ko{\v{c}}vara and Jochem Zowe},
  doi       = {10.1007/978-1-4757-2825-5},
  url       = {https://doi.org/10.1007%2F978-1-4757-2825-5},
}

@Article{Moore2011,
  author   = {Moore, Gregory and Bergeron, Charles and Bennett, Kristin P.},
  title    = {Model selection for primal SVM},
  journal  = {Machine Learning},
  year     = {2011},
  volume   = {85},
  number   = {1},
  pages    = {175--208},
  abstract = {This paper introduces two types of nonsmooth optimization methods for selecting model hyperparameters in primal SVM models based on cross-validation. Unlike common grid search approaches for model selection, these approaches are scalable both in the number of hyperparameters and number of data points. Taking inspiration from linear-time primal SVM algorithms, scalability in model selection is achieved by directly working with the primal variables without introducing any dual variables. The proposed implicit primal gradient descent (ImpGrad) method can utilize existing SVM solvers. Unlike prior methods for gradient descent in hyperparameters space, all work is done in the primal space so no inversion of the kernel matrix is required. The proposed explicit penalized bilevel programming (PBP) approach optimizes both the hyperparameters and parameters simultaneously. It solves the original cross-validation problem by solving a series of least squares regression problems with simple constraints in both the hyperparameter and parameter space. Computational results on least squares support vector regression problems with multiple hyperparameters establish that both the implicit and explicit methods perform quite well in terms of generalization and computational time. These methods are directly applicable to other learning tasks with differentiable loss functions and regularization functions. Both the implicit and explicit algorithms investigated represent powerful new approaches to solving large bilevel programs involving nonsmooth loss functions.},
  doi      = {10.1007/s10994-011-5246-7},
  issn     = {1573-0565},
  url      = {http://dx.doi.org/10.1007/s10994-011-5246-7},
}

@Book{Cristianini2000,
  title     = {An Introduction to Support Vector Machines and Other Kernel-based Learning Methods},
  publisher = {Cambridge University Press},
  year      = {2000},
  author    = {Nello Cristianini and John Shawe-Taylor},
  doi       = {10.1017/cbo9780511801389},
  url       = {https://doi.org/10.1017%2Fcbo9780511801389},
}

@PhdThesis{Moore2010,
  author = {Gregory M. Moore},
  title  = {Bilevel programming algorithms for machine learning model selection},
  school = {Rensselaer Polytechnic Institute Troy, New York},
  year   = {2010},
}

@Article{Moore2010a,
  author  = {G. Moore and C. Bergeron and K. P. Bennett},
  title   = {Gradient-type methods for primal SVM model selection},
  journal = {Neural Information Processing Systems Workshop: Optimization for Machine Learning},
  year    = {2010},
}

@Article{Vapnik1999,
  author  = {Vladimir N. Vapnik},
  title   = {An Overview of Statistical Learning Theory},
  journal = {IEEE Transactions on Neural Networks},
  year    = {1999},
  volume  = {10},
  number  = {5},
}

@Book{Vapnik1998,
  title     = {Statistical Learning Theory},
  publisher = {JOHN WILEY \& SONS INC},
  year      = {1998},
  author    = {Vladimir N. Vapnik},
  date      = {1998-10-12},
  ean       = {9780471030034},
  isbn      = {0471030031},
  pagetotal = {768},
}

@Book{Polyak1987,
  title     = {Introduction to Optimization},
  publisher = {Optimization Software , Inc., Publications Division, New York},
  year      = {1987},
  author    = {Boris T. Polyak},
}

@Book{Solodov2011,
  title     = {Constraint Qualifications},
  publisher = {Wiley Encyclopedia of Operations Research and Management Science},
  year      = {2011},
  author    = {Mikhail V. Solodov},
  doi       = {10.1002/9780470400531.eorms0978},
}

@Book{Rockafellar1996,
  title     = {Convex Analysis},
  publisher = {Princeton University Press},
  year      = {1996},
  author    = {R.T. Rockafellar},
  date      = {1996-12-23},
  ean       = {9780691015866},
  isbn      = {0691015864},
  pagetotal = {472},
}

@Book{Geiger2002,
  title     = {Theorie und Numerik restringierter Optimierungsaufgaben},
  publisher = {Sp},
  year      = {2002},
  author    = {Carl Geiger and Christian Kanzow},
  doi       = {10.10071978-3-642-56004-0},
}

@Article{Kiwiel1983,
  author    = {Krzysztof Czes{\l}aw Kiwiel},
  title     = {An aggregate subgradient method for nonsmooth convex minimization},
  journal   = {Mathematical Programming},
  year      = {1983},
  volume    = {27},
  number    = {3},
  pages     = {320--341},
  month     = {oct},
  doi       = {10.1007/bf02591907},
  publisher = {Springer Nature},
  url       = {https://doi.org/10.1007%2Fbf02591907},
}

@Article{Schramm1992a,
  author    = {Helga Schramm and Jochem Zowe},
  title     = {A Version of the Bundle Idea for Minimizing a Nonsmooth Function: Conceptual Idea, Convergence Analysis, Numerical Results},
  journal   = {{SIAM} Journal on Optimization},
  year      = {1992},
  volume    = {2},
  number    = {1},
  pages     = {121--152},
  month     = {feb},
  doi       = {10.1137/0802008},
  publisher = {Society for Industrial {\&} Applied Mathematics ({SIAM})},
  url       = {https://doi.org/10.1137%2F0802008},
}

@Article{Oliveira2014a,
  author    = {Welington de Oliveira and Claudia Sagastiz{\'{a}}bal},
  title     = {Bundle Methods in the XXIst Century: A Bird's-Eye View},
  journal   = {Pesquisa Operacional},
  year      = {2014},
  volume    = {34},
  number    = {3},
  pages     = {647--670},
  month     = {dec},
  doi       = {10.1590/0101-7438.2014.034.03.0647},
  publisher = {{FapUNIFESP} ({SciELO})},
  url       = {https://doi.org/10.1590%2F0101-7438.2014.034.03.0647},
}

@Article{Hintermueller2001,
  author  = {Michael Hintermüller},
  title   = {A Proximal Bundle Method Based on Approximate Subgradients},
  journal = {Computational Optimization and Applications},
  year    = {2001},
  volume  = {20},
  pages   = {245-266},
}

@Article{Kiwiel2006,
  author    = {Krzysztof C. Kiwiel},
  title     = {A Proximal Bundle Method with Approximate Subgradient Linearizations},
  journal   = {{SIAM} Journal on Optimization},
  year      = {2006},
  volume    = {16},
  number    = {4},
  pages     = {1007--1023},
  month     = {jan},
  doi       = {10.1137/040603929},
  publisher = {Society for Industrial {\&} Applied Mathematics ({SIAM})},
  url       = {https://doi.org/10.1137%2F040603929},
}

@Article{Solodov2003,
  author  = {M. V. Solodov},
  title   = {AOn Approximations with Finite RPrecision in Bundle Methods for Nonsmooth Optimization},
  journal = {Journal of Optimization Theory and Applications},
  year    = {2003},
  volume  = {119},
  number  = {1},
  pages   = {151-165},
}

@Book{Kiwiel1985,
  title     = {Methods of Descent for Nondifferentiable Optimization},
  publisher = {Springer},
  year      = {1985},
  author    = {Krzysztof C. Kiwiel},
  date      = {1985-06-01},
  ean       = {9783540156420},
  isbn      = {3540156429},
  pagetotal = {372},
}

@Article{Kruger2003,
  author  = {A. Ya. Kruger},
  title   = {On Fréchet Subdifferentials},
  journal = {Journal of Mathematical Sciences},
  year    = {2003},
  volume  = {116},
  number  = {3},
}

@TechReport{Ngai2000,
  author      = {Huynh Van Ngai and Dinh The Luc and Michel Théra},
  title       = {Extensions of Fréchet $\varepsilon$−Subdifferential Calculus and Applications},
  institution = {Laboratoire d'Arithmétique, de Calcul formel et d'Optimisation, Université de Limoges},
  year        = {2000},
}

@Article{Jofre1998,
  author    = {Alejandro Jofr{\'{e}} and Dinh The Luc and Michel Th{\'{e}}ra},
  title     = {$\varepsilon$-Subdifferential and $\varepsilon$-monotonicity},
  journal   = {Nonlinear Analysis: Theory, Methods {\&} Applications},
  year      = {1998},
  volume    = {33},
  number    = {1},
  pages     = {71--90},
  month     = {jul},
  doi       = {10.1016/s0362-546x(97)00511-7},
  publisher = {Elsevier {BV}},
  url       = {https://doi.org/10.1016%2Fs0362-546x%2897%2900511-7},
}

@Article{Treiman1986,
  author    = {Jay S. Treiman},
  title     = {Clarke's gradients and $\varepsilon$-subgradients in Banach spaces},
  journal   = {Transactions of the American Mathematical Society},
  year      = {1986},
  volume    = {294},
  number    = {1},
  pages     = {65--65},
  month     = {jan},
  doi       = {10.1090/s0002-9947-1986-0819935-8},
  publisher = {American Mathematical Society ({AMS})},
  url       = {https://doi.org/10.1090%2Fs0002-9947-1986-0819935-8},
}

@Article{Emiel2009,
  author    = {Gr{\'{e}}gory Emiel and Claudia Sagastiz{\'{a}}bal},
  title     = {Incremental-like bundle methods with application to~energy planning},
  journal   = {Computational Optimization and Applications},
  year      = {2009},
  volume    = {46},
  number    = {2},
  pages     = {305--332},
  month     = {sep},
  note      = {corrected and extended version},
  doi       = {10.1007/s10589-009-9288-8},
  publisher = {Springer Nature},
  url       = {https://doi.org/10.1007%2Fs10589-009-9288-8},
}

@TechReport{Kiwiel2010,
  author      = {K. C. Kiwiel},
  title       = {Bundle Methods for Convex Minimization with Partially Inexact Oracles},
  institution = {Systems Research Institute, Polish Academy of Sciences},
  year        = {2010},
}

@InBook{Lemarechal1994,
  pages     = {144--162},
  title     = {An approach to variable metric bundle methods},
  publisher = {Springer Berlin Heidelberg},
  year      = {1994},
  author    = {Lemar{\'e}chal, Claude and Sagastiz{\'a}bal, Claudia},
  address   = {Berlin, Heidelberg},
  booktitle = {System Modelling and Optimization: Proceedings of the 16th IFIP-TC7 Conference, Compi{\`e}gne, France --- July 5--9, 1993},
  doi       = {10.1007/BFb0035464},
  isbn      = {978-3-540-39337-5},
  url       = {http://dx.doi.org/10.1007/BFb0035464},
}

@Article{Lemarechal1997,
  author   = {Lemar{\'e}chal, Claude and Sagastiz{\'a}bal, Claudia},
  title    = {Variable metric bundle methods: From conceptual to implementable forms},
  journal  = {Mathematical Programming},
  year     = {1997},
  volume   = {76},
  number   = {3},
  pages    = {393--410},
  abstract = {To minimize a convex function, we combine Moreau-Yosida regularizations, quasi-Newton matrices and bundling mechanisms. First we develop conceptual forms using ``reversal'' quasi-Newton formulae and we state their global and local convergence. Then, to produce implementable versions, we incorporate a bundle strategy together with a ``curve-search''. No convergence results are given for the implementable versions; however some numerical illustrations show their good behaviour even for large-scale problems.},
  doi      = {10.1007/BF02614390},
  issn     = {1436-4646},
  url      = {http://dx.doi.org/10.1007/BF02614390},
}

@Article{Luksan1999,
  author    = {L. Luk{\v{s}}an and J. Vl{\v{c}}ek},
  title     = {Globally Convergent Variable Metric Method for Convex Nonsmooth Unconstrained Minimization},
  journal   = {Journal of Optimization Theory and Applications},
  year      = {1999},
  volume    = {102},
  number    = {3},
  pages     = {593--613},
  month     = {sep},
  doi       = {10.1023/a:1022650107080},
  publisher = {Springer Nature},
  url       = {https://doi.org/10.1023%2Fa%3A1022650107080},
}

@Book{Rockafellar1970,
  title     = {Convex Analysis},
  publisher = {Princeton University Press, Princeton, New Jersey},
  year      = {1970},
  author    = {R. T. Rockafellar},
}

@Article{Rockafellar1985,
  author    = {R.T. Rockafellar},
  title     = {Extensions of subgradient calculus with applications to optimization},
  journal   = {Nonlinear Analysis: Theory, Methods {\&} Applications},
  year      = {1985},
  volume    = {9},
  number    = {7},
  pages     = {665--698},
  month     = {jul},
  doi       = {10.1016/0362-546x(85)90012-4},
  publisher = {Elsevier {BV}},
  url       = {https://doi.org/10.1016%2F0362-546x%2885%2990012-4},
}

@Unpublished{Heinonen2004,
  author = {Juha Heinonen},
  title  = {Lectures on Lipschitz Analysis},
  note   = {Lectures at the 14th Jyv{\"a}skyl{\"a} Summer School in August 2004},
  year   = {2004},
}

@Article{Musicant2004,
  author   = {D. R. Musicant and A. Feinberg},
  title    = {Active set support vector regression},
  journal  = {IEEE Transactions on Neural Networks},
  year     = {2004},
  volume   = {15},
  number   = {2},
  pages    = {268-275},
  month    = {March},
  doi      = {10.1109/TNN.2004.824259},
  issn     = {1045-9227},
  keywords = {linear programming;matrix algebra;quadratic programming;regression analysis;set theory;Sherman-Morrison-Woodbury formula;active set strategy;active set support vector regression;linear equations;linear programming code;quadratic programming code;Biological information theory;Biological system modeling;Classification algorithms;Context modeling;Data analysis;Diseases;Equations;Linear programming;Testing;Vectors;Algorithms;Regression Analysis},
}

@InCollection{Platt1999,
  author    = {John C. Platt},
  title     = {Using Analytic QP and Sparseness to Speed Training of Support Vector Machines},
  booktitle = {Advances in Neural Information Processing Systems 11},
  publisher = {MIT Press},
  year      = {1999},
  editor    = {M. J. Kearns and S. A. Solla and D. A. Cohn},
  pages     = {557--563},
  url       = {http://papers.nips.cc/paper/1577-using-analytic-qp-and-sparseness-to-speed-training-of-support-vector-machines.pdf},
}

@PhdThesis{Musicant2000,
  author = {David R. Musicant},
  title  = {Data Mining via Mathematical Programming and Machine Learning},
  school = {University of Wisconsin, Madison},
  year   = {2000},
}

@Article{Kao2004,
  author  = {W. C. Kao and K. M. Chung and C. L. Sun and C. J. Lin},
  title   = {Decomposition Methods for Linear Support Vector Machines},
  journal = {Neural Computation},
  year    = {2004},
  volume  = {16},
  number  = {8},
  pages   = {1689-1704},
  month   = {Aug},
  doi     = {10.1162/089976604774201640},
  issn    = {0899-7667},
}

@Book{Ulbrich2012,
  title     = {Nichtlineare Optimierung},
  publisher = {Springer Basel AG},
  year      = {2012},
  author    = {Michael Ulbrich, Stefan Ulbrich},
  date      = {2012-06-13},
  ean       = {9783034601429},
  isbn      = {3034601425},
}

@Book{Koenigsberger2002,
  title     = {Analysis 2},
  publisher = {Springer Berlin Heidelberg},
  year      = {2002},
  author    = {Konrad Königsberger},
  doi       = {10.1007/978-3-662-05699-8},
}

@Book{Werner1992,
  title     = {Numerische Mathematik 2},
  publisher = {Vieweg, Wiesbaden},
  year      = {1992},
  author    = {Jochen Werner},
}

@Article{Nocedal1980,
  author  = {Jorge Nocedal},
  title   = {Updating Quasi-Newton Matrices With Limited Storage},
  journal = {Mathematics of Computation},
  year    = {1980},
  volume  = {35},
  number  = {151},
  pages   = {773-782},
  doi     = {10.2307/2006193},
}

@Article{Lewis2009,
  author  = {Lewis, Adrian S and Overton, Michael L},
  title   = {Nonsmooth optimization via BFGS},
  journal = {submitted to SIAM Journal on Optimization},
  year    = {2009},
  pages   = {1--35},
}

@Comment{jabref-meta: databaseType:bibtex;}
